<record><leader>00000cas a22000007a 4500</leader><controlfield tag="001">15861501</controlfield><controlfield tag="008">870608d18541854inuir ne      0    0eng d</controlfield><datafield ind1=" " ind2=" " tag="010"><subfield code="a">sn 87056095 </subfield></datafield><datafield ind1=" " ind2=" " tag="040"><subfield code="a">NPI</subfield><subfield code="b">eng</subfield><subfield code="c">NPI</subfield><subfield code="d">OCLCQ</subfield></datafield><datafield ind1=" " ind2=" " tag="042"><subfield code="a">msc</subfield></datafield><datafield ind1="0" ind2="0" tag="245"><subfield code="a">Tri-weekly Logansport journal.</subfield></datafield><datafield ind1=" " ind2=" " tag="260"><subfield code="a">Logansport, Cass County, Ind. :</subfield><subfield code="b">T.H. Bringhurst,</subfield><subfield code="c">1854.</subfield></datafield><datafield ind1=" " ind2=" " tag="310"><subfield code="a">Three issues per wk.</subfield></datafield><datafield ind1="0" ind2=" " tag="362"><subfield code="a">Vol. 1, no. 1 (Aug. 2, 1854)-v. 1, no. 39 (Oct. 30, 1854).</subfield></datafield><datafield ind1=" " ind2=" " tag="580"><subfield code="a">Issued also in weekly edition called: Logansport journal (Logansport, Ind. : Weekly).</subfield></datafield><datafield ind1=" " ind2=" " tag="752"><subfield code="a">United States</subfield><subfield code="b">Indiana</subfield><subfield code="c">Cass</subfield><subfield code="d">Logansport.</subfield></datafield><datafield ind1="1" ind2=" " tag="775"><subfield code="t">Logansport journal (Logansport, Ind. : Weekly)</subfield><subfield code="w">(DLC)sn 87056050</subfield></datafield></record>